<record xmlns="http://www.loc.gov/MARC21/slim" xmlns:xsi="http://www.w3.org/2001/XMLSchema-instance" xsi:schemaLocation="http://www.loc.gov/MARC21/slim http://www.loc.gov/standards/marcxml/schema/MARC21slim.xsd"><leader>02752nam a2200493   4500</leader><controlfield tag="001">001972535</controlfield><controlfield tag="003">NNU</controlfield><controlfield tag="006">m        d        </controlfield><controlfield tag="007">cr cn |||m|||a</controlfield><controlfield tag="008">150116m19871990ir      obi   001 0 ara d</controlfield><datafield ind1=" " ind2=" " tag="040"><subfield code="a">NNU</subfield><subfield code="b">eng</subfield><subfield code="c">NNU</subfield></datafield><datafield ind1="0" ind2=" " tag="041"><subfield code="a">ara</subfield><subfield code="a">per</subfield><subfield code="a">eng</subfield></datafield><datafield ind1=" " ind2=" " tag="066"><subfield code="c">(3</subfield><subfield code="c">(4</subfield></datafield><datafield ind1=" " ind2=" " tag="090"><subfield code="a">BP133</subfield><subfield code="b">.R83 1987</subfield></datafield><datafield ind1="1" ind2=" " tag="100"><subfield code="6">880-01</subfield><subfield code="a">R&#363;&#7717;&#257;n&#299;, Ma&#7717;m&#363;d.</subfield></datafield><datafield ind1="1" ind2="3" tag="245"><subfield code="6">880-02</subfield><subfield code="a">al-Mu&#699;jam al-i&#7717;&#7779;&#257;&#700;&#299; li-alf&#257;&#7827; al-Qur&#700;&#257;n al-kar&#299;m</subfield><subfield code="h">[electronic resource] :</subfield><subfield code="b">Farhang-i &#257;m&#257;r&#299;-i kalim&#257;t-i Qur&#257;n-i kar&#299;m /</subfield><subfield code="c">ta&#700;l&#299;f wa-ta&#7717;q&#299;q Ma&#7717;m&#363;d R&#363;&#7717;&#257;n&#299;.</subfield></datafield><datafield ind1=" " ind2=" " tag="250"><subfield code="6">880-03</subfield><subfield code="a">Ch&#257;p-i 1.</subfield></datafield><datafield ind1=" " ind2=" " tag="260"><subfield code="6">880-04</subfield><subfield code="a">Mashhad :</subfield><subfield code="b">&#256;st&#257;n-i Quds&#299; Raz&#804;av&#299;,</subfield><subfield code="c">1987-1990.</subfield></datafield><datafield ind1=" " ind2=" " tag="300"><subfield code="a">online resource (3 v. (31, 1862 p.))</subfield></datafield><datafield ind1="1" ind2=" " tag="490"><subfield code="6">880-05</subfield><subfield code="a">Mu&#700;assasah-i Ch&#257;p va Intish&#257;r&#257;t-i &#256;st&#257;n-i Quds-i Raz&#804;av&#299; ;</subfield><subfield code="v">21</subfield></datafield><datafield ind1=" " ind2=" " tag="500"><subfield code="a">Titles on added t.p.: Al-mu&#699;&#496;am al-&#700;i&#7717;&#7779;&#257;&#700;&#299; li-&#700;alf&#257;z al-Qur&#700;&#257;n al-kar&#299;m = A statistical dictionary of Qur&#700;anic words.</subfield></datafield><datafield ind1=" " ind2=" " tag="500"><subfield code="a">Introd. also in Persian and English.</subfield></datafield><datafield ind1=" " ind2=" " tag="500"><subfield code="a">Includes indexes.</subfield></datafield><datafield ind1=" " ind2=" " tag="500"><subfield code="a">Part of the Arabic Collections Online (ACO) project, contributed by New York Univeristy Libraries.</subfield></datafield><datafield ind1="1" ind2=" " tag="505"><subfield code="a">v.1. al-Madkhal -- v.2. Min al-hamzah il&#225; al-s&#299;n -- v.3. Min al-sh&#299;n il&#225; al-y&#257;&#700;</subfield></datafield><datafield ind1=" " ind2=" " tag="533"><subfield code="a">Electronic reproduction.</subfield><subfield code="b">New York, N.Y. :</subfield><subfield code="c">New York University,</subfield><subfield code="d">2015.</subfield><subfield code="5">NNU</subfield></datafield><datafield ind1="0" ind2="0" tag="630"><subfield code="a">Koran</subfield><subfield code="v">Dictionaries</subfield><subfield code="x">Arabic.</subfield></datafield><datafield ind1=" " ind2="0" tag="650"><subfield code="a">Arabic language</subfield><subfield code="x">Word frequency.</subfield></datafield><datafield ind1="2" ind2=" " tag="710"><subfield code="a">New York University.</subfield><subfield code="b">Libraries.</subfield></datafield><datafield ind1="0" ind2=" " tag="730"><subfield code="a">Arabic Collections Online.</subfield></datafield><datafield ind1="0" ind2=" " tag="740"><subfield code="a">Statistical dictionary of Qur&#700;anic words.</subfield></datafield><datafield ind1="3" ind2=" " tag="740"><subfield code="a">Al-mu&#699;&#496;am al-&#700;i&#7717;&#7779;&#257;&#700;&#299; li-&#700;alf&#257;z al-Qur&#700;&#257;n al-kar&#299;m.</subfield></datafield><datafield ind1="0" ind2=" " tag="740"><subfield code="a">Farhang-i &#257;m&#257;r&#299;-i kalim&#257;t-i Qur&#257;n-i kar&#299;m.</subfield></datafield><datafield ind1="0" ind2="8" tag="776"><subfield code="i">Print version:</subfield><subfield code="a">R&#363;&#7717;&#257;n&#299;, Ma&#7717;m&#363;d.</subfield><subfield code="t">al-Mu&#699;jam al-i&#7717;&#7779;&#257;&#700;&#299; li-alf&#257;&#7827; al-Qur&#700;&#257;n al-kar&#299;m</subfield><subfield code="w">(NNU)001972535</subfield></datafield><datafield ind1="4" ind2="0" tag="856"><subfield code="u">http://hdl.handle.net/2333.1/w3r22bcq</subfield></datafield><datafield ind1="1" ind2=" " tag="880"><subfield code="6">100-01/</subfield><subfield code="a">&#1585;&#1608;&#1581;&#1575;&#1606;&#1609;&#1548; &#1605;&#1581;&#1605;&#1608;&#1583;.</subfield></datafield><datafield ind1="1" ind2="2" tag="880"><subfield code="6">245-02/</subfield><subfield code="a">&#1575;&#1604;&#1605;&#1593;&#1580;&#1605; &#1575;&#1604;&#1575;&#1581;&#1589;&#1575;&#1574;&#1610; &#1604;&#1571;&#1604;&#1601;&#1575;&#1592; &#1575;&#1604;&#1602;&#1585;&#1575;&#1606; &#1575;&#1604;&#1603;&#1585;&#1610;&#1605; =</subfield><subfield code="b">&#1601;&#1585;&#1607;&#1606;&#1603; &#1649;&#1605;&#1575;&#1585;&#1609; &#1603;&#1604;&#1605;&#1575;&#1578; &#1602;&#1585;&#1649;&#1606; &#1603;&#1585;&#1610;&#1605; /</subfield><subfield code="c">&#1578;&#1571;&#1604;&#1610;&#1601; &#1608;&#1578;&#1581;&#1602;&#1610;&#1602; &#1605;&#1581;&#1605;&#1608;&#1583; &#1585;&#1608;&#1581;&#1575;&#1606;&#1609;.</subfield></datafield><datafield ind1=" " ind2=" " tag="880"><subfield code="6">250-03/</subfield><subfield code="a">&#65533;&#1575;&#65533; &#1633;.</subfield></datafield><datafield ind1=" " ind2=" " tag="880"><subfield code="6">260-04/</subfield><subfield code="a">&#1605;&#1588;&#1607;&#1583; :</subfield><subfield code="b">&#1605;&#1572;&#1587;&#1587;&#1577; &#65533;&#1575;&#65533; &#1608;&#1575;&#1606;&#1578;&#1588;&#1575;&#1585;&#1575;&#1578; &#1575;&#1587;&#1578;&#1575;&#1606; &#1602;&#1583;&#1587; &#1585;&#1590;&#1608;&#1609;&#1548;</subfield><subfield code="c">&#1633;&#1641;&#1640;&#1639;-&#1633;&#1641;&#1641;&#1632;.</subfield></datafield><datafield ind1="1" ind2=" " tag="880"><subfield code="6">490-05/</subfield><subfield code="a">&#1605;&#1572;&#1587;&#1587;&#65533; &#65533;&#1575;&#65533; &#1608; &#1575;&#1606;&#1578;&#1588;&#1575;&#1585;&#1575;&#1578; &#1570;&#1587;&#1578;&#1575;&#1606; &#1602;&#1583;&#1587; &#1585;&#1590;&#1583;&#1609; &#1563;</subfield><subfield code="v">&#1634;&#1633;</subfield></datafield><datafield ind1=" " ind2="0" tag="830"><subfield code="6">880-06</subfield><subfield code="a">Mu&#700;assasah-i Ch&#257;p va Intish&#257;r&#257;t-i &#256;st&#257;n-i Quds-i Raz&#804;av&#299; ;</subfield><subfield code="v">21.</subfield></datafield><datafield ind1=" " ind2="0" tag="880"><subfield code="6">830-06/</subfield><subfield code="a">&#1605;&#1572;&#1587;&#1587;&#65533; &#65533;&#1575;&#65533; &#1608; &#1575;&#1606;&#1578;&#1588;&#1575;&#1585;&#1575;&#1578; &#1570;&#1587;&#1578;&#1575;&#1606; &#1602;&#1583;&#1587; &#1585;&#1590;&#1583;&#1609; &#1563;</subfield><subfield code="v">&#1634;&#1633;</subfield></datafield><datafield ind1=" " ind2=" " tag="959"><subfield code="a">NNU</subfield><subfield code="b">WEB</subfield><subfield code="c">GENI</subfield><subfield code="t">0</subfield><subfield code="m">Electronic access</subfield><subfield code="s">01</subfield></datafield><datafield ind1=" " ind2=" " tag="999"><subfield code="i">NNU_001972535</subfield><subfield code="o" /><subfield code="e">(ERROR-MISC)</subfield></datafield></record>